<?xml version="1.0" encoding="UTF-8"?><collection xmlns="http://www.loc.gov/MARC21/slim"><record><leader>00523nam--2200193-u-4500</leader><controlfield tag="001">000052651</controlfield><controlfield tag="002">20161230</controlfield><controlfield tag="005">20161230201050</controlfield><controlfield tag="008">101001s1000------------r-----000-0-rus-d</controlfield><datafield ind1=" " ind2=" " tag="040"><subfield code="a">IFIN-HH</subfield></datafield><datafield ind1=" " ind2=" " tag="041"><subfield code="a">rus</subfield></datafield><datafield ind1=" " ind2=" " tag="080"><subfield code="a">533.9.082.5</subfield></datafield><datafield ind1="1" ind2=" " tag="100"><subfield code="a">Jivotov, V.K</subfield></datafield><datafield ind1="1" ind2="0" tag="245"><subfield code="a">Diagnostika neravnvesnoi himiceski aktivnoi plazmi</subfield><subfield code="c">V.K. Jivotov, V.D. Rusanov, A.A. Fridman</subfield></datafield><datafield ind1=" " ind2=" " tag="260"><subfield code="a">Moskva</subfield><subfield code="b">Energoatomizdat</subfield><subfield code="c">1985</subfield></datafield><datafield ind1=" " ind2=" " tag="300"><subfield code="a">216 p</subfield></datafield><datafield ind1="1" ind2=" " tag="700"><subfield code="a">Fridman, A.A</subfield></datafield><datafield ind1=" " ind2=" " tag="852"><subfield code="a">73080</subfield><subfield code="c">533.9</subfield></datafield><datafield ind1=" " ind2=" " tag="CAT"><subfield code="a">Sys</subfield><subfield code="c">20101001</subfield><subfield code="h">154111</subfield></datafield></record></collection>